2830 4892
315 893 388 1005 D
409 1005 414 1009 ,
2272 965 2276 972 4

2120 913 2128 922 /

946 904 949 906 .
1186 894 1192 899 ~
1707 893 1711 896 _
1749 887 1751 894 .
1990 881 1993 887 1
2058 872 2061 879 '
2192 848 2217 901 ‘
2273 869 2276 872 ‘

1030 823 1034 837 I
2112 793 2114 796 ‘
2270 793 2284 803 .-.
2302 799 2305 801 .

267 792 276 802 a

458 633 467 641 '.
513 643 518 647 ~
539 623 554 639 Y»
608 627 630 650 -5
669 638 679 644 *
692 624 754 644 “Li
769 630 796 650 L.-
811 629 830 641 »’
869 640 874 644 .
942 623 974 648 \>\
989 619 993 634 “
1009 638 1014 640 A
1028 618 1075 640 -K~‘—'"
1091 614 1107 644 ‘.
1128 618 1145 634 5|‘
1156 615 1170 634 I‘
1188 621 1191 623 V
1213 619 1238 632 'h'‘‘
1306 615 1310 628 :
1408 632 1411 635 .
1498 615 1512 635 1"
1528 628 1531 631 .
1575 604 1592 621 /
1625 611 1627 613 ‘
1646 607 1649 614 '
1696 615 1713 628 P
1733 616 1746 626 H
1790 622 1799 628 .
1912 602 1957 626 ‘"7-
1988 616 1992 619 -
2026 598 2076 624 -'15“
2101 596 2151 619 "‘l""
2165 599 2175 611 -'

272 618 275 622 ~
382 620 389 631 -_
630 621 639 625 -
777 617 782 623 ,
799 585 811 608 /’
857 585 900 615 H»
1075 593 1090 622 ,2‘
1118 591 1121 593 ’
1303 579 1376 613 1:.-*
1502 592 1518 615 .-,~
1554 603 1563 612 ,
1591 601 1593 604 .
1623 576 1685 612 -‘.‘»
1731 574 1746 593 "
1806 589 1807 592 s
1932 575 1955 603 .4
1998 559 2093 600 .:~‘~’.*~

260 597 271 602 i.
383 598 386 603 .
442 590 449 603 1
482 583 489 592 '
523 585 559 601 _‘
600 596 602 600 ,
626 581 644 589 "
705 587 717 593 -
800 592 802 594 _
834 577 848 593 I‘
882 581 885 583 ‘
957 579 969 589 M
1016 578 1024 583 *
1117 567 1177 590 -32,‘
1208 575 1219 587 1
1295 572 1310 583 I‘
1443 568 1481 581 ./.
1549 566 1551 573 '
1651 566 1652 569 ‘
1681 563 1704 575 ‘K
1743 557 1748 571 4'
1950 565 1956 572 \
1990 557 1992 559 '
2032 560 2037 564 *
2089 564 2091 566 V
2142 560 2144 562 -

415 576 423 582 .
458 564 484 581 "V?
540 559 553 574 .‘
673 557 696 566 _V,
732 565 745 575 ‘I
767 567 771 569 _
790 554 814 582 ‘II
862 557 866 566 I
896 552 899 554 -
925 557 934 562 .‘
998 554 1003 558 .
1016 554 1032 574 (H
1092 548 1137 563 .6,
1154 545 1186 554 L:
1205 544 1228 568 ‘\|\
1291 540 1297 555 1
1333 559 1352 563 p
1372 555 1379 559 N
1417 546 1431 554 .,
1523 542 1534 550 ,
1555 542 1557 545 .
1600 537 1610 544 -.
1632 539 1634 544 .
1666 537 1674 559 .‘
1705 550 1707 552 V
1833 540 1853 550 ._
1947 538 1970 548 N‘
2149 530 2169 546 Y

377 558 380 561 -
527 545 541 563 ‘e
668 547 701 560 t”
843 531 886 556 )z'‘
930 538 936 547 ‘
996 529 1038 553 '\-\
1071 544 1073 547 i
1130 533 1137 547 5
1159 531 1179 547 '3
1224 531 1242 538 "’
1273 530 1289 549 ‘T.
1331 528 1350 547 f‘
1379 533 1407 539 N‘
1448 533 1450 537 ‘
1512 523 1532 541 A.
1595 529 1612 536 “
1637 535 1639 537 v
1735 531 1738 535 A
1781 524 1792 535 '-
1818 527 1821 530 ‘
1885 516 1906 533 s'
2123 525 2126 528 ~
2146 520 2148 523 '

531 527 538 534 ~
741 529 762 534 ..
917 521 924 530 r
1553 513 1556 519 .
2003 500 2009 504 *
2136 498 2139 500 '
2158 496 2166 501 '-
2312 499 2315 501 »

504 501 519 516 ,.

486 1539 887 1635 «_§‘too
920 1556 1145 1625 many:
1187 1527 1323 1597 But
1359 1522 1522 1616 thofe
1559 1523 1851 1593 whoare
1893 1515 2017 1606 heft
2057 1507 2197 1584 ahle
2241 1516 2318 1580 to

264 1630 738 1717 ?;.;:.;'.§i3
794 1635 1115 1727 difcover,
1174 1625 1315 1720 will
1358 1622 1431 1693 he
1478 1620 1623 1710 mojt
1690 1616 1889 1710 ready
1946 1633 2011 1684 to
2056 1602 2313 1703 pardon

260 1756 448 1829 them.
554 1744 721 1838 ‘They
755 1736 929 1807 alone
960 1730 1145 1799 know
1170 1727 1314 1795 how
1350 1717 1611 1812 diﬂicult
1636 1741 1719 1788 an
1747 1710 2169 1805 undertaking
2201 1707 2314 1777 the

262 1853 537 1943 wetting
561 1844 639 1939 of
673 1868 711 1912 a
733 1827 1002 1927 «tragedy
1040 1830 1150 1896 is:
1177 1820 1307 1894 and
1331 1822 1458 1895 this
1487 1820 1542 1888 is
1575 1842 1617 1888 a
1633 1814 1783 1906 ﬁr/i
1815 1823 2110 1902 attempt.

360 1950 409 2019 I
435 1948 540 2042 heg
569 1945 751 2015 leave
802 1930 938 2025 only
977 1943 1038 1997 to
1065 1925 1334 1995 mention
1363 1917 1718 2011 thereafon
1753 1913 1901 1983 that
1927 1900 2323 2000 determined

268 2076 365 2120 me
392 2062 457 2119 to
497 2042 676 2113 make
707 2036 907 2108 choice
940 2026 1017 2120 of
1037 2023 1163 2095 this
1181 2020 1444 2115 fuhjett‘.
1544 2014 1749 2087 What
1769 2006 2019 2104 pleafed
2038 2030 2135 2076 me
2148 2024 2317 2097 par-

269 2143 599 2237 ticularly,
656 2137 782 2207 tho’
821 2127 1096 2221 perhaps
1154 2124 1207 2191 it
1246 2117 1389 2193 will
1441 2129 1549 2187 not
1592 2114 1664 2183 he
1697 2110 1842 2201 leajt
1885 2105 2068 2203 liahle
2114 2119 2181 2174 to
2213 2104 2317 2175 oh-

265 2245 510 2344 jettion
548 2236 716 2308 with
759 2227 1058 2316 ordinary
1102 2217 1381 2301 readers,
1429 2236 1567 2285 was
1607 2209 1716 2283 the
1745 2222 1936 2305 great
1968 2203 2320 2298 ﬂmplieity

274 2345 354 2438 of
393 2341 501 2412 the
539 2338 741 2429 fiery.
839 2326 908 2395 It
958 2328 1008 2389 is
1050 2343 1200 2403 one,
1270 2313 1567 2411 regular,
1642 2306 1776 2379 and
1823 2307 2142 2401 uniform,
2211 2315 2323 2374 not

274 2434 550 2532 charged
584 2431 756 2503 with
790 2451 831 2497 a
868 2416 1269 2510 multiplicity
1305 2414 1384 2506 of
1400 2408 1729 2491 incidents,
1783 2404 1916 2475 and
1942 2417 2045 2500 yet
2076 2399 2326 2492 afford-

405 2529 667 2629 feveral
688 2520 1070 2596 revolutions
1093 2514 1487 2609 offortune;
1558 2506 1631 2602 hy
1678 2504 1893 2574 which
1936 2501 2043 2571 the
2055 2498 2330 2590 paﬂions

276 2659 418 2729 may
479 2632 551 2702 he
593 2621 862 2704 excited,
925 2611 1182 2697 varied,
1248 2609 1378 2683 and
1431 2607 1661 2705 driven
1718 2618 1779 2674 to
1829 2602 2001 2682 their
2026 2598 2166 2692 full
2218 2612 2329 2669 tu-

277 2732 440 2804 mult
471 2729 544 2821 of
561 2726 823 2798 emotion

377 2827 745 2917 Thisunity
817 2818 892 2913 of
944 2812 1147 2906 deﬁgn
1202 2831 1339 2879 was
1387 2798 1883 2899 always‘_/hught
1931 2796 2132 2890 after,
2195 2788 2336 2869 and

214 2958 215 2961 t
279 2923 574 3002 admired
612 2923 686 3016 hy
739 2917 847 2989 the
880 2914 1204 2985 antients:
1271 2905 1405 2977 and
1453 2903 1560 2977 the
1610 2900 1754 2989 moft
1810 2900 2082 2968 eminent
2115 2915 2336 2989 among

286 3029 397 3099 the
443 3022 754 3103 moderns,
804 3016 949 3084 who
979 3005 1363 3098 ‘underjiood
1395 3003 1569 3074 their
1613 2998 1937 3092 writings,
1986 2993 2162 3063 have
2194 2992 2336 3061 cho-

280 3128 393 3221 fen
428 3138 491 3193 to
522 3122 771 3192 imitate
807 3115 976 3185 them
1010 3112 1076 3178 in
1110 3106 1260 3191 this,
1280 3105 1458 3200 from
1486 3125 1569 3171 an
1587 3100 1790 3169 intire
1813 3094 2164 3166 convizfiion
2187 3089 2339 3161 that

285 3224 395 3293 the
428 3220 640 3312 reafon
668 3217 748 3307 of
768 3216 820 3286 it
858 3210 1028 3299 m'ujt»
1050 3204 1196 3276 hold
1221 3203 1376 3298 good
1406 3206 1472 3273 in
1506 3198 1595 3270 all
1623 3221 1779 3293 ages.
1882 3190 2040 3265 Alnd
2068 3190 2217 3261 here
2239 3186 2340 3257 al-

286 3308 411 3393 low
446 3344 542 3389 me
578 3330 642 3386 to
684 3313 988 3399 tran/late
1021 3331 1063 3375 a
1086 3304 1338 3399 paﬂage
1365 3303 1547 3394 from
1578 3298 1689 3366 the
1721 3290 2071 3370 celehrated
2118 3285 2341 3356 Mon-

287 3420 460 3491 ﬁeur
493 3413 781 3498 Racine,
831 3404 1046 3500 which
1079 3405 1357 3490 contains
1380 3398 1471 3469 all
1519 3396 1672 3468 that
1712 3393 1764 3461 I
1790 3393 1968 3462 have
2006 3405 2071 3461 to
2104 3386 2221 3481 fay
2259 3408 2342 3457 on

290 3520 419 3591 this
471 3512 663 3586 head.
818 3585 820 3588 ,
1210 3551 1213 3553 s
1696 3541 1699 3543 e
1943 3551 1946 3555 c

391 3620 443 3661 “
492 3615 616 3685 We
682 3608 837 3701 mu,/i
892 3619 1000 3687 not
1043 3602 1266 3698 fancy
1299 3598 1468 3693 that
1499 3594 1629 3667 this
1690 3589 1826 3662 rule
1874 3589 1991 3662 has
2039 3610 2118 3658 no
2157 3582 2344 3655 other

296 3720 351 3761 “
387 3712 770 3809 foundation
809 3707 922 3779 hat
947 3705 1054 3780 the
1089 3701 1335 3793 caprice
1369 3699 1444 3791 of
1458 3697 1623 3785 thofe
1645 3691 1793 3762 who
1825 3685 2009 3762 made
2037 3689 2121 3757 it.
2205 3679 2345 3752 No-

289 3819 356 3883 “
402 3813 583 3909 thing
610 3812 731 3883 can
767 3806 954 3881 touch
988 3827 1057 3873 us
1098 3803 1164 3871 in
1193 3796 1481 3893 ‘tragedy,
1535 3795 1645 3865 hut
1695 3790 1881 3865 what
1923 3790 1978 3858 is
2021 3781 2347 3879 prohahle.

297 3916 360 3958 “
406 3909 564 3982 And
610 3911 795 4003 what
842 3901 1220 3999 probability
1273 3901 1324 3967 is
1381 3898 1585 3980 there,
1656 3893 1831 3974 that,
1890 3890 1957 3960 in
1994 3910 2108 3959 one
2163 3882 2347 3977 Day,

296 4014 349 4060 “
380 4008 614 4099 /hould
672 4010 931 4103 happen.
981 4028 1022 4074 a
1092 3992 1429 4070 multitude
1475 3994 1554 4087 of
1611 3991 1844 4087 things,
1918 3984 2134 4057 which
2178 3976 2355 4072 could

299 4111 356 4154 “
388 4107 598 4203 fcarce
642 4108 889 4200 happen
925 4105 993 4179 in
1023 4098 1283 4192 ﬂeveral
1305 4093 1523 4164 Weeks
1548 4091 1583 4160 .9
1638 4089 1702 4160 T
1692 4091 1843 4161 here
1876 4085 1989 4168 are
2006 4086 2174 4180 fame
2205 4080 2356 4150 who

303 4210 361 4274 “
409 4206 593 4279 think
624 4208 772 4285 that
807 4205 932 4276 this
965 4197 1312 4293 ﬁmplicity
1349 4195 1402 4264 is
1453 4220 1495 4264 a
1540 4191 1726 4262 mark
1772 4188 1852 4282 of
1875 4180 2239 4272 harrennefs
2292 4178 2372 4268 of

303 4310 361 4402 f‘
408 4307 758 4388 iiiventioiz.
809 4363 812 4368 i
856 4300 994 4372 But
1049 4297 1195 4396 they
1255 4293 1331 4368 do
1384 4304 1495 4366 not
1534 4287 1837 4386 cenﬂder,
1888 4286 2062 4368 that,
2118 4305 2196 4351 on
2246 4277 2358 4348 the

2057 4393 2356 4473 contrary

610 1473 635 1486 ~
719 1460 735 1541 g
779 1436 1108 1533 following
1142 1432 1339 1522 piece.
1434 1424 1488 1494 I
1535 1449 1639 1494 am
1679 1418 1907 1514 afraid
1952 1417 2133 1487 there
2186 1434 2305 1480 are
2364 1502 2366 1505 ,
2432 1449 2434 1453 i
