2738 4892
593 360 1764 455 SOPHONISBA.
2203 376 2298 478 25

613 1115 957 1211 ACT
1026 1111 1143 1212 II.
1280 1109 1817 1208 SCENE
1890 1109 1964 1201 I.

822 1341 1316 1451 MAs1N!1ssA,
1374 1332 1738 1424 NARTVA.

1047 1568 1542 1637 MAs1N1ssA.

961 1683 1120 1754 ’Tis
1152 1702 1328 1767 true,
1381 1707 1502 1779 my
1536 1677 1784 1765 friend,

216 1801 218 1804 i
273 1780 489 1855 Thou
520 1780 711 1877 good
731 1760 851 1851 old
871 1806 1056 1866 man,
1099 1782 1194 1877 by
1218 1781 1450 1852 whom
1480 1807 1602 1876 my
1627 1778 1848 1876 youth
1872 1801 2006 1850 was
2031 1773 2325 1860 f'orm’d,»

276 1883 437 1953 The
475 1883 635 1952 ﬁrm
666 1881 1078 1975 companion
1111 1879 1196 1950 of
1221 1904 1343 1976 my
1383 1880 1657 1949 various
1698 1876 1841 1961 life,

275 1977 312 2049 I
342 2005 520 2065 own,
571 1979 683 2050 ’tis
714 1997 890 2064 true,
942 1979 1093 2050 that
1130 1976 1560 2073 Sop/yam/5a’s
1591 1977 1818 2070 image

275 2078 488 2150 Lives
526 2079 595 2150 in
626 2102 747 2174 my
776 2078 1019 2150 bofom
1043 2076 1179 2147 Pcill
1204 2108 1228 2157 ;
1276 2077 1414 2148 and
1445 2095 1517 2147 at
1543 2076 1708 2147 each
1751 2073 1995 2168 glance
2024 2086 2027 2088 T

282 2174 317 2245 I
348 2177 506 2248 take
530 2178 599 2247 in
633 2172 842 2247 fecret
872 2175 958 2246 of
969 2176 1082 2246 the
1112 2176 1355 2272 bright
1377 2175 1551 2259 idea,
2007 2214 2010 2219 ~

284 2276 357 2344 A
382 2274 649 2369 ﬂzrange
680 2273 982 2345 diforder
1022 2274 1223 2346 feizes
1246 2300 1337 2345 on
1369 2299 1491 2371 my
1523 2273 1716 2370 foul,

284 2372 548 2444 Which
578 2374 786 2444 burns
815 2373 984 2443 with
1022 2370 1344 2467 ﬁronger.
1363 2372 1593 2469 glory.
1698 2369 1899 2442 Need
1929 2369 1963 2439 I
2011 2368 2167 2469 fay,

282 2470 481 2541 How
511 2495 676 2541 once
702 2468 813 2539 {he
844 2471 980 2540 had
1002 2496 1125 2568 my
1145 2471 1382 2542 vows?
1432 2472 1587 2541 Till
1626 2474 1827 2563 Scipio
1858 2492 2074 2551 came,

287 2567 631 2656 Reﬁftlefs
669 2594 827 2638 man
860 2572 872 2639 !
927 2569 1068 2639 like
1090 2595 1144 2640 a
1182 2570 1591 2663 defcending
1623 2568 1814 2653 God,

288 2665 460 2734 And
492 2666 798 2738 fnatch’d
836 2691 945 2736 me
983 2667 1167 2738 from
1206 2668 1320 2739 the
1354 2668 1824 2763 Cart/mginian
1851 2666 1990 2735 ﬁde

287 2759 411 2831 To
446 2763 686 2833 nobler
734 2768 930 2835 Rome
958 2794 979 2842 3
1028 2763 1318 2837 beneath
1346 2765 1571 2836 whofe
1602 2764 1894 2835 laure1’d
1921 2764 2143 2846 brow,

290 2860 461 2929 And
499 2861 725 2954 ample
749 2885 896 2957 eye,
950 2865 1062 2933 the
1086 2865 1351 2950 nations
1377 2880 1574 2958 grow
1611 2863 1854 2957 polite,

291 2956 619 3029 Humane
646 2960 791 3029 and
814 2960 1071 3059 happy.
1176 2963 1381 3033 Then
1408 2963 1577 3033 thou
1610 2960 1858 3058 may’i’c
1891 2960 2294 3044 remember,

291 3056 474 3126 Such
501 3056 554 3127 is
590 3059 722 3130 this
745 3066 1082 3130 Woman’s
1097 3060 1270 3156 high
1301 3061 1692 3155 impetuous
1732 3060 1951 3154 fpirit,

295 3154 489 3224 That
518 3157 1088 3254 all-controuling
1121 3159 1276 3231 love
1309 3159 1420 3229 ihe
1451 3161 1649 3230 bears»
1680 3160 1802 3229 her
1833 3178 2154 3255 country,

291 3251 449 3321 Her
484 3255 810 3352 Carthage
839 3286 862 3336 -,
909 3259 1058 3327 that
1087 3256 1167 3330 at
1190 3258 1321 3329 this
1355 3257 1466 3328 {he
1499 3256 1832 3328 facrific’d

292 3347 416 3419 To
439 3356 713 3451 Syplaax,
764 3355 1165 3441 unbelov’d,
1216 3358 1334 3427 her
1364 3357 1729 3449 blooming
1769 3379 1988 3453 years,

297 3448 467 3521 And
503 3476 660 3525 WOI1
697 3454 844 3528 him
886 3453 998 3525 oil"
1029 3452 1211 3526 from
1245 3458 1463 3527 Rome.

1143 3552 1483 3645 NARVA.

554 3708 562 3730 J
661 3673 666 3676 ‘
1132 3701 1136 3704 a
1373 3653 1515 3751 My
1548 3678 1883 3749 generous
1918 3654 2154 3748 prince
2183 3656 2201 3723 E

296 3744 767 3847 Applauding
800 3753 988 3846 Afric
1028 3752 1111 3825 of
1152 3751 1281 3849 thy
1313 3753 1546 3824 choice
1576 3776 1939 3848 approves.

299 3842 512 3916 Fame
539 3848 727 3945 claps
757 3851 878 3922 her
905 3851 1151 3947 wings,
1204 3850 1339 3922 and
1374 3853 1601 3922 virtue
1641 3852 1862 3925 fmiles
1901 3877 1993 3923 on
2025 3850 2215 3935 thee,

300 3938 414 4011 Of
440 3966 642 4038 peace
686 3950 853 4021 thou
887 3948 1163 4047 foftner,
1214 3950 1349 4020 and
1378 3951 1549 4022 thou
1582 3952 1729 4022 foul
1767 3951 1854 4021 of
1886 3953 2071 4023 War!

301 4035 440 4145 But
484 4045 1004 4134 ohbewareaof
1035 4051 1184 4121 that
1227 4048 1354 4120 fair
1397 4049 1507 4123 foe
1555 4069 1630 4121 to
1677 4050 1913 4147 glory,

305 4134 653 4219 Woman!
707 4148 843 4237 and
872 4148 1057 4229 moi’:
1082 4148 1167 4220 of
1191 4150 1667 4246 Cartbaginian
1706 4151 2021 4220 Woman!

296 4232 503 4310 ‘iWho
541 4243 658 4315 has
698 4267 823 4319 not
851 4247 1061 4321 heard
1106 4248 1192 4319 of
1230 4246 1396 4319 fatal
1439 4253 1649 4321 Pmzic
1695 4249 1931 4343 guile?

304 4333 420 4407 Of
458 4340 636 4418 their
676 4347 772 4445 ﬂy
807 4346 1212 4445 conqueﬁs?
1284 4348 1461 4422 their
1489 4348 1813 4422 inﬁdious
1846 4313 2165 4442 leagues?

1992 4467 2013 4484 *
2130 4440 2354 4553 Their
