2704 4866
11 398 17 401 L
68 415 285 506 Great
314 425 573 498 aétions
608 421 770 496 raife
811 421 925 493 the
971 416 1186 490 mind.
1288 415 1429 485 But
1450 415 1648 485 when
1682 439 1719 483 a
1747 411 1998 497 friend,

15 702 20 707 ,
67 633 264 707 Even
295 624 465 717 with
494 649 532 693 a
565 621 707 693 fort
748 619 835 692 of
873 620 1117 715 Vanity
1147 642 1247 687 We
1282 612 1497 685 lilten.

64 2104 331 2180 Struck
352 2128 559 2200 every
591 2102 808 2183 heart,
858 2120 992 2170 Was
1028 2098 1259 2168 this»-—
1288 2098 1359 2166 A
1399 2093 1604 2188 noble
1633 2095 1894 2189 virgin,

6 2246 9 2276 ;
82 2202 551 2296 Confpicuous
590 2199 694 2271 far
733 2203 879 2267 o’er
908 2196 1000 2267 all
1042 2198 1154 2267 the
1194 2195 1462 2288 captive
1494 2194 1748 2278 dames,

11 2354 12 2357 r
85 2301 258 2370 Was
280 2298 557 2370 marl~:’d
585 2299 696 2388 the
721 2298 1052 2389 gy-ne.ral’s
1075 2295 1286 2388 prize.
1313 2294 1445 2363 She
1458 2311 1667 2387 wept,
1691 2290 2137 2376 andbluﬂfd,

10 2464 16 2487 ,
82 2399 371 2491 Young,
423 2395 625 2479 freih,
659 2393 792 2464 and
820 2392 1185 2486 blooming
1215 2391 1356 2462 like
1387 2390 1500 2461 the
1537 2413 1760 2486 morn.
1832 2389 1955 2461 An
1992 2414 2148 2488 eye,
2191 2405 2334 2484 §_~*’

14 2492 17 2500 i
69 2499 190 2583 ,As
215 2497 410 2565 when
441 2494 555 2564 the
576 2492 737 2562 blue
767 2492 892 2586 Iky
924 2492 1244 2562 trembles
1285 2491 1465 2571 thro’
1499 2513 1536 2558 a
1571 2488 1784 2559 cloud
2245 2472 2276 2519 \‘

8 2960 40 2981 my
86 2886 386 2958 Beneath
410 2885 528 2954 her
556 2884 808 2980 beauty
840 2882 991 2953 fails
1022 2913 1042 2962 ;
1093 2882 1321 2973 which
1364 2871 1639 2965 feem’d,
1696 2907 1786 2951 on
1820 2881 2145 2979 purpofe,

18 3037 21 3040 .
86 2983 352 3053 Pour’d
405 3001 528 3053 out
556 2982 653 3079 by
686 2979 907 3070 lavilh
932 3001 1196 3071 nature,
1248 2981 1398 3058 that
1419 2979 1759 3050 mankind

72 4156 216 4230 ,Oh
240 4160 431 4247 Gods
460 4107 490 4236 ll
517 4189 638 4261 my
672 4164 1028 4259 ﬂuttering
1060 4153 1291 4251 heart!
1339 4163 1480 4248 On,
1522 4156 1677 4258 ﬂop
1710 4180 1861 4246 not,
1890 4137 2180 4232 Nariragi

510 269 1688 374 SOPHONISBA.
2055 306 2152 390 17

69 536 144 605 A
192 532 394 622 Scipio
427 524 590 594 does
642 523 828 593 them
863 552 881 601 ;
938 520 1098 591 then
1144 515 1314 586 with
1356 538 1549 584 more
1582 515 1747 585 than
1785 512 2095 598 Wonder,

98 761 110 785 I
939 716 1278 788 N-ARVA.

69 829 304 900 When
350 846 425 894 to
458 821 560 893 his
594 819 935 915 glorious,
992 814 1136 888 ﬁrﬁ
1178 813 1357 910 effay
1404 813 1473 883 in
1503 835 1669 895 War,
1862 886 1866 890 ,

71 929 251 999 New
286 926 613 1017 Carthage
645 919 765 990 fell
794 949 814 998 -,
869 919 1056 988 there
1087 914 1180 985 all
1214 915 1325 984 the
1359 914 1589 984 ﬂower
1633 908 1719 979 of
1748 913 1946 1002 Spain

72 1026 286 1097 Were
320 1022 492 1116 kept
535 1021 604 1090 in
650 1016 981 1111 hoftage;
1031 1040 1068 1085 a
1114 1012 1243 1084 full
1286 1010 1447 1102 field
1486 1009 1880 1107 prefenting

73 1128 216 1199 For
255 1127 511 1215 Scz'pz'o’s
551 1117 939 1215 generoﬁty
992 1134 1066 1185 to
1113 1113 1355 1182 fhineh
2014 1150 2026 1207 g

91 1225 93 1228 i
171 1222 342 1294 And
382 1221 542 1290 then
586 1219 640 1286 it
668 1241 826 1298 was,
881 1215 1030 1300 that
1065 1212 1256 1303 when
1317 1211 1433 1281 the
1482 1209 1687 1279 heroe
1729 1203 1940 1276 heard

74 1324 269 1395 How
306 1319 339 1389 I
383 1337 458 1388 to
504 1316 653 1385 thee
698 1312 1056 1405 belong’d,
1112 1311 1194 1380 he
1234 1310 1405 1379 with
1436 1305 1625 1402 large
1657 1306 1850 1402 gifts,

77 1420 250 1493 And
279 1415 578 1511 friendly
615 1412 841 1483 words
874 1408 1207 1479 difrnifs’d
1237 1432 1366 1477 me.

865 1508 1349 1576 MASINISSA.

374 1606 376 1609 4
1238 1602 1270 1673 I
1312 1603 1711 1678 remember.

81 1714 251 1793 And
303 1712 370 1781 in
403 1709 504 1778 his
544 1706 790 1776 favour
830 1703 985 1790 that
1000 1700 1359 1796 imprefs’d
1399 1725 1507 1792 me
1540 1699 1707 1771 ﬁrﬁ.

77 1812 218 1882 But
271 1829 346 1880 to
378 1807 503 1904 thy
535 1804 750 1903 ftory.

88 1925 91 1928 s
941 1897 1281 1969 NARVA.

1112 1999 1337 2069 Wliat
1365 1997 1535 2067 with
1563 1994 1980 2068 admiration

87 2593 200 2663 Of
235 2589 461 2686 pureﬁ
484 2591 708 2660 White.
813 2592 881 2667 A
918 2588 1126 2680 fecret
1163 2589 1397 2679 charm
1422 2587 1779 2657 combin’d

84 2691 241 2760 Her
272 2689 585 2771 features,
637 2685 772 2757 and
802 2686 1059 2778 infus’d
1093 2687 1574 2785 enchantment
1611 2685 1794 2755 thro’
1837 2684 2048 2755 them.

85 2789 241 2858 Her
273 2785 475 2880 fhape
498 2809 633 2856 was
674 2784 1034 2881 harmony.
1071 2827 1167 2838 ---
1216 2784 1355 2872 But
1393 2785 1761 2876 eloquence

86 3079 335 3175 Might
373 3080 471 3151 fee
497 3080 631 3151 this
660 3081 889 3165 aéltion
922 3078 990 3150 in
1031 3081 1116 3150 its
1149 3077 1416 3173 higheft
1456 3071 1683 3148 lultre.
1859 3138 1861 3141 ,

84 3180 260 3263 Soft,
309 3204 379 3248 as
421 3177 788 3272 ﬂ1epafs’d
827 3177 1065 3271 along,
1116 3179 1285 3248 with
1325 3176 1667 3269 downcalt
1710 3200 1892 3272 eyes,

85 3277 348 3350 Where
393 3279 622 3370 gentle
654 3276 909 3347 forrow
939 3275 1222 3358 fwell’d,
1277 3276 1413 3345 and
1455 3272 1614 3346 novv
1645 3276 1782 3344 and
1815 3276 1979 3346 then

88 3376 323 3469 Dropt
364 3380 508 3446 o’er
549 3371 670 3446 her
721 3373 987 3448 modeft
1036 3375 1252 3445 cheek
1309 3400 1347 3449 a
1391 3374 1729 3466 trickling
1760 3391 1954 3454 tear-,

91 3472 250 3545 The
283 3470 530 3546 Roman
562 3474 826 3568 legions
858 3470 1295 3567 languifh’d:.,
1349 3473 1484 3542 and
1523 3465 1696 3542 hard
1716 3495 1856 3540 War

89 3572 249 3644 Felt
277 3597 469 3643 more
493 3574 655 3643 than
680 3574 855 3669 pity.
958 3574 1154 3643 Even
1195 3575 1454 3663 8'cz'pz'o’s
1486 3570 1631 3656 felf,

95 3671 199 3739 As
252 3691 341 3740 on
386 3672 487 3742 his
519 3672 691 3766 high
733 3670 1033 3756 tribunal
1076 3671 1282 3743 rais’d
1317 3670 1401 3738 he
1434 3670 1555 3754 fat,

95 3766 374 3843 Turn’d
404 3769 586 3840 from
611 3771 725 3841 the
760 3770 1069 3864 piercing
1105 3767 1312 3863 ﬁght,
1349 3767 1498 3850 and
1527 3765 1812 3861 chiding
1843 3765 2040 3861 aﬂ;’d

94 3865 234 3934 His
275 3868 560 3953 oﬂicers,
613 3868 676 3940 if
704 3868 799 3965 by
833 3868 964 3940 this
1005 3868 1141 3962 gift
1185 3862 1348 3963 they
1392 3884 1624 3957 meant
1929 3865 1931 3867 i

95 3962 216 4033 To
246 3962 453 4035 cloud
481 3968 583 4038 his
616 3967 825 4064 glory
882 3968 950 4037 in
984 3967 1067 4037 its
1105 3992 1275 4063 very
1301 3965 1518 4036 dawn.

874 4065 1361 4138 MAsIN1ssA.

1067 4345 1179 4435 Did
1257 4346 1268 4352 i
1367 4382 1370 4385 l
1580 4348 1585 4354 )
1823 4338 2176 4434 NARVAQ
