2777 4864
565 313 668 394 62
993 294 2142 409 SOPHONISBA.

1332 437 1792 508 MAsINIssA.

1580 531 1765 602 Shall
1809 531 2010 620 Scz'_/aio
2064 529 2328 623 ﬁoop,

541 646 852 730 Thiusto
903 638 1171 736 regard,
1223 655 1298 708 to
1345 632 1536 705 teach
1576 655 1685 700 me
1714 627 1995 700 Wifdom
2040 629 2243 717 thus;

540 749 717 822 Anﬁ
761 762 877 840 yet
923 767 967 832 a
1020 735 1248 830 ftupid
1298 728 1583 824 anguifh
1628 746 1699 798 at
1729 752 1850 821 my
1875 726 2075 796 heart

540 843 765 941 Repel
796 841 1116 910 whate-’er
1167 836 1248 903 he
1292 829 1484 928 lays?
1518 875 1615 920 7--.
1653 827 1792 895 But
1819 824 2005 918 Why,
2054 847 2176 919 my
2218 823 2403 908 lord,

539 947 740 1042 Why
777 936 1020 1010 Ihould
1060 959 1158 1003 we
1212 927 1348 999 kill
1374 928 1487 998 the
1518 923 1661 1017 bell:
1714 923 1799 1009 of
1832 925 2143 1016 paﬂions,
2191 923 2390 993 love?

540 1046 609 1116 It
637 1043 779 1114 aids
811 1039 923 1110 the
956 1037 1199 1112 heroe,
1230 1024 1399 1121 bids
1422 1009 1753 1111 ambition
1808 1020 1962 1104 rife,

541 1145 781 1213 Turns
826 1162 907 1218 us
954 1152 1030 1202 to
1084 1125 1324 1225 pleafe,
1376 1122 1652 1224 infpires
1704 1118 2050 1191 immortal
2104 1117 2335 1202 deeds,

541 1244 738 1316 Even
772 1234 1017 1308 foftens
1056 1227 1318 1317 brutes,’
1361 1221 1499 1294 and
1521 1219 1755 1314 makes
1781 1219 1894 1334 the
1927 1215 2121 1311 good
2150 1241 2344 1292 more

1402 1321 1704 1400 SCIPIO.
1802 1385 1805 1386 7

542 1439 773 1511 There
826 1433 878 1502 is
939 1452 978 1497 a
1039 1424 1208 1521 holy
1252 1418 1628 1492 tendernefs
1673 1415 1941 1500 indeed,

542 1542 616 1610 A
666 1527 984 1605 namelefs
1030 1520 1424 1620 fympathy,
1476 1541 1515 1587 a
1568 1514 2068 1588 fountain-love
2094 1543 2144 1602 -,

540 1631 885 1711 Branch’d
917 1624 1177 1699 inﬁnite
1210 1620 1391 1691 from
1423 1634 1694 1710 parents
1727 1632 1802 1685 to
1836 1613 2009 1691 their
2042 1611 2383 1702 children,

541 1738 758 1807 From
793 1726 981 1804 child
1010 1742 1085 1794 to
1115 1719 1326 1802 child,
1378 1716 1559 1787 from
1580 1712 1878 1789 kindred
1898 1736 1987 1782 on
2009 1720 2099 1781 to
2137 1698 2456 1795 kindred,

541 1834 623 1904 In
652 1822 1258 1902 variousﬁreams,
1303 1816 1486 1886 from
1524 1812 1769 1884 citizen
1799 1829 1880 1883 to
1924 1809 2197 1891 citizen,

541 1936 761 2004 From
781 1924 1002 1997 friend
1034 1940 1107 1992 to
1131 1914 1375 2008 friend,
1425 1912 1606 1989 from
1639 1935 1796 1980 man
1829 1928 1903 1979 to
1931 1933 2087 1977 man
2122 1908 2188 1977 in
2235 1904 2505 2000 general
2527 1935 2556 1987 5,.

493 2010 496 2013 A
545 2031 744 2099 That
795 2023 1018 2106 binds,
1075 2020 1418 2113 fupports,
1469 2008 1603 2081 and
1644 2009 1951 2098 fweetens
2003 2006 2286 2096 human?*
2319 2002 2452 2073 life;

542 2130 685 2201 But
716 2127 768 2195 is
799 2121 925 2217 thy
957 2120 1211 2214 pailion
1246 2108 1444 2182 fuch?
1469 2148 1564 2163 --—-
1599 2105 1776 2188 Lift,
1814 2096 2199 2198 Mczﬂ;ziﬂ”.¢z,ii

544 2224 790 2297 While
826 2219 863 2288 I
894 2218 1009 2299 the
1040 2209 1306 2285 hardeft
1339 2209 1532 2279 ofﬁce
1565 2203 1651 2274 of
1678 2230 1716 2274 a
1751 2201 1970 2276 friend

542 2323 915 2415 Difcharge
944 2346 964 2395 3
1011 2312 1174 2395 and,
1209 2308 1377 2379 with
1418 2331 1457 2376 a
1493 2299 1828 2398 neceﬁary
1863 2298 2070 2384 hand,

547 2427 619 2496 A
662 2417 844 2495 hand
887 2416 1032 2487 tho’
1071 2407 1271 2482 harih
1314 2424 1386 2477 at
1428 2401 1696 2498 prefent
1725 2398 1939 2496 really
1987 2396 2246 2482 tende_r,,

543 2524 576 2593 I
607 2522 800 2616 paint
841 2515 974 2587 this
1005 2512 1281 2607 paﬁion.
1386 2498 1556 2574 And
1606 2499 1667 2572 if
1700 2500 1859 2571 then
1894 2498 2062 2569 thou
2087 2495 2227 2567 Pcill

549 2626 692 2691 Art
730 2618 894 2687 bent
944 2631 1018 2682 to
1049 2606 1247 2680 footh
1281 2605 1359 2687 it,
1409 2601 1444 2672 I
1498 2596 1675 2673 mull
1727 2591 2227 2692 ﬁghingleave
2260 2591 2439 2686 thee,

547 2719 669 2790 To
696 2715 881 2786 What
909 2709 1022 2782 the
1057 2704 1252 2778 Gods
1285 2699 1489 2773 think
1524 2701 1624 2790 ﬁt.

1312 2800 1777 2871 lVIAsIN1ssA.

1633 2894 1703 2961 0
1736 2915 1966 2975 never,
2007 2890 2255 2981 Scgniol

550 3017 621 3085 0
675 3034 881 3083 never
914 3008 1098 3077 leave
1141 3023 1251 3070 me
1283 3016 1357 3067 to
1388 3021 1509 3092 my
1540 2991 1670 3066 felf
1687 2996 1699 3062 !
1751 2989 1976 3084 Speak
2009 3014 2121 3061 on.
2199 2995 2202 2999 '

551 3115 584 3185 I
617 3109 848 3193 dread,
901 3104 1037 3177 and
1069 3118 1188 3198 yet
1220 3096 1432 3167 deﬁre
1477 3094 1601 3189 thy
1635 3087 1931 3185 friendly
1964 3086 2164 3159 hand.

1418 3194 1719 3277 SCIPIO.

550 3310 582 3380 I
629 3310 809 3402 hope
869 3304 1019 3375 that
1070 3296 1409 3392 Majimﬂéz
1470 3290 1640 3363 need
1693 3305 1819 3360 not
1868 3310 2025 3357 now

553 3411 648 3479 Be
687 3405 863 3488 told,
917 3395 1313 3484 howmuch
1363 3391 1466 3463 his
1502 3386 1856 3484 happinefs
1889 3385 1943 3455 is
1975 3382 2207 3460 mine;

550 3505 761 3575 VVith
788 3503 977 3574 What
1001 3525 1039 3569 a
1062 3520 1273 3566 Warm
1294 3489 1744 3562 benevolence
1789 3483 1898 3555 I-’d
1932 3480 2172 3577 tfpring

553 3606 676 3673 To
710 3602 896 3684 raife,
939 3598 1235 3667 conﬁrm
1272 3592 1350 3675 it,
1400 3610 1476 3661 to
1508 3603 1796 3683 prevent
1826 3582 1927 3654 his
1956 3577 2210 3673 vvifhes.

557 3703 626 3769 0
650 3702 899 3795 luxury
934 3717 1009 3767 to
1042 3692 1285 3766 think!
1323 3729 1422 3745 --—-
1456 3690 1594 3776 But
1623 3682 1823 3755 While
1882 3678 1974 3750 he
2024 3698 2241 3768 rages,

555 3801 775 3868 Burns
829 3798 895 3867 in
946 3821 984 3864 a
1018 3795 1230 3874 fever,
1283 3785 1514 3858 fhalll
1560 3784 1655 3853 let
1694 3781 1840 3852 him
1893 3773 2093 3870 quaff

556 3892 904 3971 Delicious
940 3893 1177 3986 poifon
1220 3889 1331 3959 for
1372 3912 1411 3956 a
1445 3881 1728 3972 cooling
1760 3873 2086 3967 draught,

556 3994 636 4064 In
694 3991 939 4062 foolilh
983 3992 1135 4086 pity
1182 4006 1256 4058 to
1299 3987 1402 4058 his
1448 3978 1692 4053 thirft?
1744 3972 1913 4044 {hall
1946 3970 1996 4043 I

559 4092 699 4160 Let
728 4115 767 4159 a
790 4089 965 4159 fwift
995 4092 1189 4160 ﬂame
1219 4085 1537 4156 confume
1568 4079 1714 4149 him
1756 4098 1829 4146 as
1866 4072 1949 4145 he
1980 4070 2212 4163 ﬂeeps,

556 4189 846 4262 Becaufe
885 4187 987 4256 his
1018 4186 1290 4255 dreams
1310 4206 1422 4253 are
1454 4177 1641 4275 gay?
1695 4171 1863 4248 fhall
1893 4169 1940 4258 I,
1960 4167 2248 4266 indulge

560 4291 633 4363 A
668 4287 910 4383 frenzy
945 4283 1184 4359 ﬂaIh’d
1218 4281 1400 4354 from
1431 4304 1516 4351 an
1551 4272 1909 4355 infectious
1938 4291 2060 4366 eye
2082 4267 2127 4337 is

2384 4355 2616 4432 Afud-
