2836 4846
549 334 666 438 7;;
1025 326 1202 431 so
1254 328 1319 408 P
1371 329 1458 413 H
1512 330 1588 409 o
1639 331 1728 410 N
1780 332 1937 421 IlS=
1974 279 2193 424 BA,

1303 466 1742 539 Sopnomss
1755 493 1828 538 A.

536 555 719 631 Shift
749 575 874 632 not
906 560 1030 657 thy
1061 561 1302 634 colour
1332 584 1404 635 at
1437 564 1551 637 the
1583 565 1799 638 found
1828 567 1917 638 of
1950 568 2152 644 death
2177 606 2200 653 ;

534 655 680 728 For
711 657 912 729 death
944 682 1229 755 appears
1260 681 1385 733 not
1414 661 1483 732 in
1513 685 1554 732 a
1586 662 1832 760 dreary
1864 664 2074 759 light,

532 753 727 825 Seem
754 776 878 827 not
918 781 968 825 a
989 758 1206 830 blank
1237 779 1313 830 to
1342 783 1453 830 me
1478 789 1499 838 ;
1545 783 1586 828 a
1618 759 1844 857 loﬁng
1875 762 1970 834 all

534 850 609 919 T
613 853 771 925 hofe
813 852 985 926 fond
1033 856 1414 941 fenfations,
1464 856 1654 929 thofe
1685 860 2099 960 enchanting
2133 866 2421 960 dreams,

531 949 799 1023 Which
828 952 1024 1026 cheat
1051 980 1091 1025 a
1125 953 1375 1048 toiling
1407 954 1629 1027 world
1660 955 1844 1033 from
1897 959 2031 1059 day
2070 981 2147 1036 to
2178 964 2347 1064 ‘day,

533 1048 710 1119 And
748 1049 931 1122 form
967 1051 1079 1122 the
1110 1050 1333 1126 whole
1365 1051 1452 1125 of
1476 1052 1843 1149 happinefs
1876 1057 2042 1157 they
2073 1061 2315 1138 know.

529 1143 597 1217 It
629 1146 681 1217 is
718 1166 792 1227 to
823 1172 932 1219 me
961 1146 1363 1244 perfeétion,
1414 1149 1651 1247 glory,
1702 1154 2034 1251 triumph.
2091 1164 2094 1165 I

523 1241 694 1341 Nay
725 1244 917 1317 fondl
991 1246 1227 1317 would
1256 1246 1290 1316 I
1323 1247 1523 1322 chufe
1554 1249 1634 1334 it,
1687 1252 1834 1324 tho’
1874 1255 2251 1349 perfuaded

521 1340 591 1412 It
622 1367 794 1414 were
824 1368 864 1413 a
916 1272 1085 1437 lhng
1117 1343 1295 1427 dark
1326 1345 1531 1444 night
1558 1348 1854 1427 without
1880 1379 1921 1424 a
1954 1358 2306 1460 morning,

521 1438 645 1511 To
686 1439 1002 1536 bondage
1034 1442 1139 1515 far
1172 1442 1411 1539 prefer‘
1435 1445 1531 1522 it!
1588 1447 1852 1528 ﬁnceit
1874 1452 1928 1523 is
2256 1456 2265 1463 ‘

518 1536 966 1612 Deliverance
1010 1538 1195 1613 from
1231 1569 1270 1614 a
1299 1543 1524 1620 world
1553 1546 1777 1620 where
1811 1552 2105 1640 Roman:
2132 1557 2306 1644 rule,

517 1633 781 1708 Where
813 1638 1122 1710 violence
1153 1642 1450 1736 prevails
1471 1692 1571 1712 —.
1603 1646 1775 1718 And
1808 1649 2052 1750 timely
2082 1673 2205 1726 too
2239 1699 2338 1742 -_--.-

516 1732 762 1806 Before
794 1759 917 1834 my
950 1757 1244 1837 country
1276 1737 1476 1822 falls;
1527 1741 1762 1816 before
1803 1746 1836 1816 I
1866 1747 1996 1821 feel

518 1832 627 1903 As
670 1857 881 1933 many
934 1832 1200 1930 ﬂripes,
1253 1864 1325 1910 as
1368 1864 1578 1938 many
1604 1842 1860 1930 chains,
1907 1848 2046 1918 and
2078 1850 2338 1939 deaths,

516 1929 627 2011 As
659 1931 851 2006 there’
876 1956 990 2004 are
1027 1933 1195 2008 lives
1229 1937 1297 2008 in
1336 1937 1677 2034 Carthage.
1708 1986 1809 2011 —...
1836 1941 2170 2018 ‘Glorious
2197 1944 2503 2027 "charter!

513 2027 624 2124 By
655 2029 881 2101 which
913 2030 946 2099 I
977 2030 1147 2102 hold
1181 2034 1530 2111 immortal
1561 2036 1677 2106 life
1709 2039 1846 2107 and
1885 2039 2215 2130 freedom,

514 2126 759 2211 Come,
811 2128 905 2198 let
935 2152 1044 2198 me
1080 2131 1419 2224 readthee
1472 2157 1639 2213 once
1669 2136 2007 2231 again.-—-
2031 2134 2202 2214 And
2234 2146 2419 2232 then,

512 2221 634 2295 To
667 2225 792 2323 thy
815 2245 1010 2320 great
1040 2229 1352 2324 purpofe.

1669 2334 1926 2424 (Read:
1964 2339 2074 2411 the
2106 2339 2300 2415 letter
2328 2343 2531 2418 aloud.

881 2525 1337 2597 IVIASINISSA
1406 2546 1482 2600 to
1518 2529 1623 2621 his

602 2638 732 2714 The
774 2645 942 2716 Gods
996 2648 1182 2719 know
1238 2649 1410 2719 with
1458 2650 1651 2722 what
1685 2653 1978 2745 pleajitre
2030 2658 2084 2727 I
2117 2660 2335 2731 would
2388 2661 2560 2733 have

504 2737 651 2832 hept
676 2768 776 2837 my
809 2745 999 2835 faith
1032 2762 1096 2816 to
1134 2744 1560 2840 Sophonifba
1613 2751 1681 2820 in
1728 2754 1997 2822 another
2029 2764 2315 2830 manner.
2418 2759 2554 2855 But

487 2838 666 2928 ﬁnee
722 2841 850 2910 this
895 2844 1089 2935 fatal
1130 2844 1300 2914 howl
1353 2870 1487 2917 can
1514 2846 1691 2918 alone
1746 2847 1989 2922 deliver
2045 2854 2187 2926 thee
2222 2857 2422 2948 from
2449 2860 2588 2931 the

501 2935 854 3009 Romans:
933 2942 1059 3017 call
1085 2958 1149 3012 to
1184 2942 1361 3012 mina’
1402 2944 1512 3039 thy
1529 2946 1803 3037 father,
1877 2950 1987 3046 thy
2032 2971 2292 3051 country
2315 3007 2336 3038 ,
2404 2958 2559 3031 that

502 3035 655 3110 thou
690 3038 826 3125 ha/2
880 3040 1028 3111 heen
1085 3042 1197 3112 the
1236 3042 1393 3134 wife
1441 3044 1520 3135 of
1545 3057 1679 3118 two
1720 3045 1938 3142 kings;
2028 3052 2162 3121 and
2202 3061 2310 3124 aft’
2350 3073 2433 3145 up
2487 3073 2551 3126 to

495 3134 606 3205 the
660 3134 919 3210 tliftates
950 3142 1028 3234 of
1068 3139 1184 3237 thy"
1213 3162 1359 3211 own
1381 3140 1599 3243 ‘heart.
1701 3143 1754 3213 I
1775 3145 1920 3218 will
1958 3163 2068 3218 not
2115 3150 2249 3250 long
2269 3156 2548 3246 /Z177/ijlla’

496 3232 658 3305 thee.

1076 3426 1220 3512 Oh,
1272 3426 1789 3522 ’tis,rWondrous,
1812 3432 1967 3505 Well
1996 3436 2013 3504 !

497 3516 603 3587 Ye
634 3517 828 3592 Gods
860 3523 945 3594 of
963 3524 1166 3597 death
1194 3529 1208 3595 l
1260 3524 1419 3598 who
1448 3525 1596 3598 rule
1631 3528 1747 3600 the
1777 3533 2040 3628 Stygian
2075 3533 2342 3625 gloom,

495 3614 602 3686 Ye
632 3618 789 3689 who
827 3621 997 3693 have
1029 3624 1301 3721 greatly
1354 3623 1529 3722 dy’d
1558 3629 1572 3697 !
1626 3626 1659 3700 I
1692 3632 1922 3701 come!
1977 3628 2009 3699 I
2038 3655 2231 3702 come
2259 3636 2273 3704 !

491 3712 525 3780 I
550 3713 656 3784 die
687 3722 1072 3806 contented,
1124 3724 1298 3794 ﬁnce
1331 3720 1364 3791 I
1395 3723 1504 3799 die
1537 3749 1577 3793 a
1618 3734 1834 3820 queen
1871 3757 1893 3808 ;

491 3810 599 3906 By
662 3816 860 3888 Rome
891 3821 1297 3907 untouch’d,
1354 3821 1689 3893 unfullied
1719 3824 1815 3919 by
1847 3825 2022 3895 their
2054 3850 2283 3922 power
2318 3862 2343 3911 3

488 3907 585 3986 So,
612 3914 819 3983 much
851 3915 1025 3988 their
1055 3938 1275 3990 terror
1310 3918 1457 3990 that
1488 3918 1522 3987 I
1556 3919 1736 3991 mufc
1770 3941 1894 3993 not
1925 3923 2079 3995 live.

589 4009 760 4079 And
789 4012 992 4097 thou,
1033 4038 1129 4108 go
1159 4018 1280 4089 tell
1314 4017 1427 4088 the
1460 4016 1662 4113 king,
1713 4017 1779 4091 if
1815 4020 1947 4094 this
1981 4022 2033 4093 is
2066 4022 2159 4094 all

492 4104 653 4176 The
682 4110 949 4203 nuptial
983 4115 1248 4205 prefent
1277 4117 1362 4185 he
1393 4140 1518 4187 can
1558 4116 1718 4188 fend
1749 4117 1852 4195 his
1884 4119 2101 4210 bride,

479 4199 515 4274 I
549 4204 766 4280 thank
795 4207 940 4282 him
970 4211 1078 4287 for
1113 4213 1166 4289 it
1194 4258 1293 4275 —-
1333 4213 1474 4295 But
1506 4214 1656 4297 that
1688 4215 1893 4297 death
1925 4218 2060 4293 had
2092 4246 2283 4300 worn

2413 4325 2563 4404 Ant.
